@Book{fart,
  author =   {Фарт, Питер},
  title =    {Travelling at speed},
  publisher =    {P. Press},
  year =     2009,
  address =  {Sometown}
}


@Article{art,
  author =   {Art, John},
  title =    {John's Article},
  journal =  {J. Jour.},
  year =     2006,
  volume =   7,
  pages =    {12-45}
}

@Book{batlas,
title = {Атлас литолого-палеогеографических карт СССР. Т. III. Триасовый, юрский и меловой периоды / гл. ред.: А.П. Виноградов. М.},
publisher = {ВАГТ}, 
year = 1968

}

